book_id,price,discount,date
116421,75000,20,2023-09-24 21:58:39.838808
49138,70000,15,2023-09-24 21:58:42.882039
101571,52000,15,2023-09-24 21:58:43.738147
45906,55000,15,2023-09-24 21:58:44.129443
41857,5000,15,2023-09-24 21:58:44.270660
536,155000,15,2023-09-24 21:58:44.433657
-1,175000,0,2023-09-24 21:58:44.550652
41233,22000,10,2023-09-24 21:58:44.705904
83697,100000,20,2023-09-24 21:58:44.870206
27986,1600,0,2023-09-24 21:58:45.011210
107977,69000,20,2023-09-24 21:58:45.327529
51563,30000,15,2023-09-24 21:58:45.499360
76016,9000,30,2023-09-24 21:58:45.658397
73891,20000,15,2023-09-24 21:58:45.811486
110534,380000,15,2023-09-24 21:58:45.964015
70554,300000,15,2023-09-24 21:58:46.133069
87845,200000,15,2023-09-24 21:58:46.485470
79714,150000,20,2023-09-24 21:58:46.728182
88169,72000,15,2023-09-24 21:58:47.040572
64447,41500,0,2023-09-24 21:58:47.323863
115845,10000,15,2023-09-24 21:58:47.858827
115414,105000,15,2023-09-24 21:58:48.158329
7267,27000,15,2023-09-24 21:58:48.512347
39726,145000,0,2023-09-24 21:58:48.890723
105743,25000,20,2023-09-24 21:58:49.264453
-1,55000,10,2023-09-24 21:58:49.622251
58154,18000,0,2023-09-24 21:58:49.960484
23596,360000,10,2023-09-24 21:58:50.582893
82459,7000,0,2023-09-24 21:58:51.043862
63604,65000,30,2023-09-24 21:58:51.351150
21682,48000,15,2023-09-24 21:58:51.698887
50119,35000,0,2023-09-24 21:58:51.940334
-1,60000,10,2023-09-24 21:58:52.064845
26809,180000,15,2023-09-24 21:58:52.225332
26808,245000,0,2023-09-24 21:58:52.264430
80010,20000,15,2023-09-24 21:58:52.422008
90159,180000,20,2023-09-24 21:58:52.615875
18531,13500,0,2023-09-24 21:58:52.865865
49797,95000,15,2023-09-24 21:58:53.015932
40135,160000,0,2023-09-24 21:58:53.044930
109072,79000,0,2023-09-24 21:58:53.170166
35162,37000,0,2023-09-24 21:58:53.256170
59635,150000,20,2023-09-24 21:58:53.534332
48529,120000,10,2023-09-24 21:58:53.777543
53265,80000,15,2023-09-24 21:58:53.982122
62218,72000,25,2023-09-24 21:58:54.509451
92500,75000,20,2023-09-24 21:58:54.799622
111806,53000,15,2023-09-24 21:58:55.269620
46422,175000,0,2023-09-24 21:58:55.386609
44752,51000,15,2023-09-24 21:58:55.532746
69805,93000,10,2023-09-24 21:58:55.795323
69804,62000,0,2023-09-24 21:58:56.412079
69806,62000,0,2023-09-24 21:58:56.793964
87123,15000,15,2023-09-24 21:58:57.407325
79932,120000,20,2023-09-24 21:58:58.239782
71745,18000,0,2023-09-24 21:58:58.516326
92686,17500,0,2023-09-24 21:58:58.747903
44315,18000,25,2023-09-24 21:58:59.027233
36838,15000,20,2023-09-24 21:58:59.155673
26283,59000,20,2023-09-24 21:58:59.409403
60031,38000,0,2023-09-24 21:58:59.598490
92869,32000,20,2023-09-24 21:58:59.882438
106861,35000,20,2023-09-24 21:59:00.005041
59644,12000,0,2023-09-24 21:59:00.122498
110368,24000,0,2023-09-24 21:59:00.222438
32418,185000,15,2023-09-24 21:59:00.406585
30711,52000,0,2023-09-24 21:59:00.445488
60914,141000,15,2023-09-24 21:59:00.586654
31307,48000,0,2023-09-24 21:59:01.135864
31088,220000,15,2023-09-24 21:59:01.331697
39834,85000,0,2023-09-24 21:59:01.762096
8674,100000,15,2023-09-24 21:59:01.929629
75584,11000,20,2023-09-24 21:59:02.515636
59300,25000,20,2023-09-24 21:59:03.174443
4365,190000,25,2023-09-24 21:59:03.926712
106288,80000,0,2023-09-24 21:59:04.485738
47492,70000,15,2023-09-24 21:59:04.803615
453,18000,0,2023-09-24 21:59:04.828608
115351,95000,20,2023-09-24 21:59:05.103672
46397,195000,20,2023-09-24 21:59:05.272753
46401,195000,0,2023-09-24 21:59:05.308769
29300,6500,0,2023-09-24 21:59:05.440724
107417,165000,0,2023-09-24 21:59:05.760902
30226,215000,0,2023-09-24 21:59:05.907141
102650,40000,0,2023-09-24 21:59:06.030142
24810,5500,15,2023-09-24 21:59:06.185304
10480,14000,0,2023-09-24 21:59:06.304437
53306,29000,0,2023-09-24 21:59:06.416482
1044,38000,0,2023-09-24 21:59:06.708767
97980,80000,0,2023-09-24 21:59:06.998508
73472,15000,20,2023-09-24 21:59:07.120609
119623,230000,20,2023-09-24 21:59:07.352567
52160,418000,25,2023-09-24 21:59:07.816375
105204,140000,15,2023-09-24 21:59:08.100140
18320,2000,0,2023-09-24 21:59:08.423231
65297,10000,0,2023-09-24 21:59:09.025799
64937,50000,0,2023-09-24 21:59:09.905027
36087,17000,20,2023-09-24 21:59:10.327444
79415,200000,10,2023-09-24 21:59:11.174935
84925,23000,20,2023-09-24 21:59:11.913815
65247,60000,0,2023-09-24 21:59:12.059474
34796,50000,25,2023-09-24 21:59:12.250561
42801,15000,0,2023-09-24 21:59:12.383599
74603,79900,20,2023-09-24 21:59:12.539177
42181,18000,0,2023-09-24 21:59:12.761702
44470,169000,25,2023-09-24 21:59:13.046339
51037,127000,0,2023-09-24 21:59:13.079215
106397,65000,0,2023-09-24 21:59:13.230332
121359,7000,20,2023-09-24 21:59:13.514841
31901,85000,0,2023-09-24 21:59:13.613115
22310,46000,0,2023-09-24 21:59:13.748274
36197,32000,0,2023-09-24 21:59:13.870513
52727,120000,25,2023-09-24 21:59:14.037605
-1,32000,10,2023-09-24 21:59:14.182486
39378,75000,25,2023-09-24 21:59:14.418260
348,25000,0,2023-09-24 21:59:14.837176
12033,135000,0,2023-09-24 21:59:15.019219
75446,20000,20,2023-09-24 21:59:15.284337
12242,15000,0,2023-09-24 21:59:15.856335
120048,230000,15,2023-09-24 21:59:16.002788
-1,155000,0,2023-09-24 21:59:16.158539
-1,136500,0,2023-09-24 21:59:16.383852
243,195000,10,2023-09-24 21:59:18.294379
3535,145000,0,2023-09-24 21:59:18.835697
26357,54000,0,2023-09-24 21:59:19.527769
16676,225000,10,2023-09-24 21:59:19.720979
58520,14000,25,2023-09-24 21:59:19.956961
35833,20000,0,2023-09-24 21:59:20.069252
47226,100000,25,2023-09-24 21:59:20.221138
13705,120000,15,2023-09-24 21:59:20.356791
94732,110000,20,2023-09-24 21:59:20.470586
28005,20000,0,2023-09-24 21:59:20.569712
60460,40000,15,2023-09-24 21:59:20.682437
113780,285000,15,2023-09-24 21:59:20.814852
54830,75000,10,2023-09-24 21:59:20.980191
58263,164000,15,2023-09-24 21:59:21.115522
113561,120000,15,2023-09-24 21:59:21.258869
68480,160000,25,2023-09-24 21:59:21.425159
87839,30000,0,2023-09-24 21:59:21.574216
91177,90000,15,2023-09-24 21:59:21.723640
30053,50000,0,2023-09-24 21:59:21.872923
54394,250000,0,2023-09-24 21:59:22.096842
103745,250000,20,2023-09-24 21:59:22.525946
75002,175000,10,2023-09-24 21:59:22.783946
71063,35000,20,2023-09-24 21:59:23.534075
7961,60000,15,2023-09-24 21:59:25.211894
11903,15000,15,2023-09-24 21:59:25.543056
96397,160000,15,2023-09-24 21:59:26.449541
93215,18000,0,2023-09-24 21:59:26.881967
80808,285000,20,2023-09-24 21:59:26.998534
13103,40000,20,2023-09-24 21:59:27.099921
18115,280000,15,2023-09-24 21:59:27.218875
60618,43000,15,2023-09-24 21:59:27.334948
22969,79000,15,2023-09-24 21:59:27.462707
68550,165000,0,2023-09-24 21:59:27.573474
21094,250000,15,2023-09-24 21:59:27.724888
22766,89000,15,2023-09-24 21:59:27.864769
-1,95000,10,2023-09-24 21:59:27.984127
74373,179900,20,2023-09-24 21:59:28.114465
101762,200000,20,2023-09-24 21:59:28.246866
88666,44000,20,2023-09-24 21:59:28.567176
31968,25000,25,2023-09-24 21:59:28.831963
52598,55000,25,2023-09-24 21:59:29.460281
19411,150000,15,2023-09-24 21:59:29.614412
35267,45000,0,2023-09-24 21:59:29.638522
-1,325000,10,2023-09-24 21:59:29.765747
113468,225000,15,2023-09-24 21:59:29.974269
16085,244000,20,2023-09-24 21:59:30.315905
80705,30000,20,2023-09-24 21:59:30.455808
28608,2800,0,2023-09-24 21:59:30.576193
67720,98000,20,2023-09-24 21:59:30.722406
23675,30000,0,2023-09-24 21:59:32.919334
103797,259000,20,2023-09-24 21:59:33.843928
57128,210000,0,2023-09-24 21:59:36.228054
100823,220000,10,2023-09-24 21:59:36.534194
29115,60000,15,2023-09-24 21:59:37.096231
29521,45000,15,2023-09-24 21:59:37.262792
1398,420000,0,2023-09-24 21:59:37.404045
35540,3500,0,2023-09-24 21:59:37.526051
75956,140000,15,2023-09-24 21:59:37.692818
30318,156000,20,2023-09-24 21:59:37.847674
58046,15000,20,2023-09-24 21:59:38.009591
87686,21000,20,2023-09-24 21:59:38.259906
-1,95000,10,2023-09-24 21:59:38.374339
114952,80000,20,2023-09-24 21:59:38.488371
70289,125000,20,2023-09-24 21:59:38.642906
42550,10000,20,2023-09-24 21:59:38.854076
88959,48000,20,2023-09-24 21:59:39.241488
-1,56000,10,2023-09-24 21:59:39.621647
65878,140000,0,2023-09-24 21:59:39.780141
115860,7000,20,2023-09-24 21:59:39.926678
90636,270000,15,2023-09-24 21:59:40.254699
62123,15000,25,2023-09-24 21:59:41.281365
92251,32000,20,2023-09-24 21:59:41.614852
18112,280000,15,2023-09-24 21:59:42.329439
98742,17000,10,2023-09-24 21:59:43.171357
105967,28000,20,2023-09-24 21:59:43.278851
48403,135000,20,2023-09-24 21:59:43.446887
29963,3000,0,2023-09-24 21:59:43.566477
103911,30000,20,2023-09-24 21:59:43.681184
72103,27000,15,2023-09-24 21:59:43.781604
24999,4500,0,2023-09-24 21:59:43.865447
33727,7500,0,2023-09-24 21:59:43.976856
23555,45000,15,2023-09-24 21:59:44.096810
40251,145000,20,2023-09-24 21:59:44.196814
5821,18000,15,2023-09-24 21:59:44.285845
40085,40000,15,2023-09-24 21:59:44.394843
39335,195000,15,2023-09-24 21:59:44.586281
1917,150000,20,2023-09-24 21:59:44.707383
54481,135000,0,2023-09-24 21:59:44.733382
34264,35000,20,2023-09-24 21:59:44.843380
19734,49000,20,2023-09-24 21:59:44.957505
15719,35000,15,2023-09-24 21:59:45.084989
79410,60000,0,2023-09-24 21:59:45.115992
19258,28000,0,2023-09-24 21:59:45.144035
